<record><leader>00000cas a2200000 a 4500</leader><controlfield tag="001">8807384</controlfield><controlfield tag="008">820925d18uu188uiluwr ne      0   a0eng  </controlfield><datafield ind1=" " ind2=" " tag="010"><subfield code="a">sn 82014956 </subfield></datafield><datafield ind1=" " ind2=" " tag="040"><subfield code="a">DLC</subfield><subfield code="b">eng</subfield><subfield code="c">DLC</subfield><subfield code="d">NPU</subfield><subfield code="d">DLC</subfield><subfield code="d">NVF</subfield><subfield code="d">OCL</subfield><subfield code="d">NVF</subfield><subfield code="d">OCLCO</subfield><subfield code="d">OCLCQ</subfield><subfield code="d">OCLCF</subfield><subfield code="d">NVF</subfield></datafield><datafield ind1=" " ind2=" " tag="042"><subfield code="a">pcc</subfield></datafield><datafield ind1=" " ind2=" " tag="043"><subfield code="a">n-us-il</subfield></datafield><datafield ind1="0" ind2="0" tag="050"><subfield code="a">Newspaper 7574-X</subfield></datafield><datafield ind1="0" ind2="4" tag="245"><subfield code="a">The Olney weekly times.</subfield></datafield><datafield ind1="1" ind2="3" tag="246"><subfield code="a">Olney times</subfield></datafield><datafield ind1=" " ind2=" " tag="260"><subfield code="a">Olney, Ill. :</subfield><subfield code="b">[Barnard &amp; Hanna]</subfield></datafield><datafield ind1=" " ind2=" " tag="300"><subfield code="a">v.</subfield></datafield><datafield ind1=" " ind2=" " tag="310"><subfield code="a">Weekly</subfield></datafield><datafield ind1=" " ind2=" " tag="588"><subfield code="a">Description based on: Vol. 8, no. 9 (Feb. 29, 1872).</subfield></datafield><datafield ind1=" " ind2=" " tag="588"><subfield code="a">Latest issue consulted: June 16, 1904.</subfield></datafield><datafield ind1=" " ind2="0" tag="651"><subfield code="a">Olney (Ill.)</subfield><subfield code="v">Newspapers.</subfield></datafield><datafield ind1=" " ind2="7" tag="651"><subfield code="a">Illinois</subfield><subfield code="z">Olney.</subfield><subfield code="2">fast</subfield><subfield code="0">(OCoLC)fst01252960</subfield></datafield><datafield ind1=" " ind2="7" tag="655"><subfield code="a">Newspapers.</subfield><subfield code="2">fast</subfield><subfield code="0">(OCoLC)fst01423814</subfield></datafield><datafield ind1=" " ind2=" " tag="752"><subfield code="a">United States</subfield><subfield code="b">Illinois</subfield><subfield code="c">Richland County</subfield><subfield code="d">Olney.</subfield></datafield><datafield ind1="0" ind2="0" tag="780"><subfield code="t">Olney times (Olney, Ill. : 1856)</subfield><subfield code="w">(DLC)sn 90054228</subfield><subfield code="w">(OCoLC)23000777</subfield></datafield><datafield ind1="0" ind2="5" tag="780"><subfield code="t">Olney Democrat</subfield><subfield code="w">(DLC)sn 82014955</subfield><subfield code="w">(OCoLC)8807371</subfield></datafield><datafield ind1="0" ind2="0" tag="785"><subfield code="t">Olney times (Olney, Ill. : 1883)</subfield><subfield code="w">(DLC)sn 91054016</subfield><subfield code="w">(OCoLC)23245310</subfield></datafield><datafield ind1="1" ind2=" " tag="029"><subfield code="a">AU@</subfield><subfield code="b">000020385289</subfield></datafield></record>